
@article{gearhart_comparison_2013,
	title = {Comparison of open-source linear programming solvers},
	url = {http://prod.sandia.gov/techlib/access-control.cgi/2013/138847.pdf},
	urldate = {2017-10-08},
	journal = {Tech. Rep. SAND2013-8847},
	author = {Gearhart, Jared Lee and Adair, Kristin Lynn and Detry, Richard J. and Durfee, Justin D. and Jones, Katherine A. and Martin, Nathaniel},
	year = {2013},
	file = {Gearhart_Comparison_of_open_source_linear_programming_solvers.pdf:/home/ddwooten/Dropbox/Dans_Stuff/Documents/UCB/Quals/Papers/Gearhart_Comparison_of_open_source_linear_programming_solvers.pdf:application/pdf}
}

@article{aufiero_extended_2013,
	title = {An extended version of the {SERPENT}-2 code to investigate fuel burn-up and core material evolution of the {Molten} {Salt} {Fast} {Reactor}},
	volume = {441},
	issn = {00223115},
	url = {http://linkinghub.elsevier.com/retrieve/pii/S0022311513008507},
	doi = {10.1016/j.jnucmat.2013.06.026},
	language = {en},
	number = {1-3},
	urldate = {2018-01-21},
	journal = {Journal of Nuclear Materials},
	author = {Aufiero, M. and Cammi, A. and Fiorina, C. and Leppänen, J. and Luzzi, L. and Ricotti, M.E.},
	month = oct,
	year = {2013},
	pages = {473--486},
	file = {Aufiero_An_Extended_Verion_of_the_SERPENT_2_code.pdf:/home/ddwooten/Dropbox/Dans_Stuff/Documents/UCB/Research/Molten Salt Reactors/Dynamics/Aufiero_An_Extended_Verion_of_the_SERPENT_2_code.pdf:application/pdf}
}

@phdthesis{fiorina_molten_2013,
	type = {{PhD} {Thesis}},
	title = {The molten salt fast reactor as a fast spectrum candidate for thorium implementation},
	school = {Italy},
	author = {FIORINA, CARLO},
	year = {2013},
	file = {Fiorina_The_molten_salt_fast_reactor_as_a_fast_spectrum_candidate_for_thorium_implementation.pdf:/home/ddwooten/Dropbox/Dans_Stuff/Documents/UCB/Research/Molten Salt Reactors/Dynamics/Fiorina_The_molten_salt_fast_reactor_as_a_fast_spectrum_candidate_for_thorium_implementation.pdf:application/pdf}
}

@article{jeong_development_2015,
	title = {Development of computer code packages for molten salt reactor core analysis},
	volume = {28},
	journal = {PHYSOR2014, Kyoto, Japan, September},
	author = {Jeong, Y. and Choi, S. and Lee, D.},
	year = {2015},
	file = {Jeong_Development_of_computer_code_packages_for_molten_salt_reactor_core_analysis.pdf:/home/ddwooten/Dropbox/Dans_Stuff/Documents/UCB/Research/Molten Salt Reactors/Dynamics/Jeong_Development_of_computer_code_packages_for_molten_salt_reactor_core_analysis.pdf:application/pdf}
}

@phdthesis{aufiero_development_2014,
	type = {{PhD} {Thesis}},
	title = {Development of advanced simulation tools for circulating fuel nuclear reactors},
	school = {Italy},
	author = {Aufiero, Manuele},
	year = {2014},
	file = {Manuele_Development_of_advanced_simulation_tools_for_circulating_fuel_nuclear_reactors.pdf:/home/ddwooten/Dropbox/Dans_Stuff/Documents/UCB/Research/Molten Salt Reactors/Dynamics/Manuele_Development_of_advanced_simulation_tools_for_circulating_fuel_nuclear_reactors.pdf:application/pdf}
}

@article{mitachi_three-region_2007,
	title = {Three-{Region} {Core} {Design} for 200-{MW}(electric) {Molten}-{Salt} {Reactor} with {Thorium}-{Uranium} {Fuel}},
	volume = {158},
	issn = {0029-5450, 1943-7471},
	url = {https://www.tandfonline.com/doi/full/10.13182/NT07-A3846},
	doi = {10.13182/NT07-A3846},
	language = {en},
	number = {3},
	urldate = {2018-01-21},
	journal = {Nuclear Technology},
	author = {Mitachi, Koshi and Yamamoto, Takahisa and Yoshioka, Ritsuo},
	month = jun,
	year = {2007},
	pages = {348--357},
	file = {Mitachi_Three_Region_Core_Design_for_200_MW_Molten_Salt_Reactor_with_Thorium_Uranium_Fuel.pdf:/home/ddwooten/Dropbox/Dans_Stuff/Documents/UCB/Research/Molten Salt Reactors/Dynamics/Mitachi_Three_Region_Core_Design_for_200_MW_Molten_Salt_Reactor_with_Thorium_Uranium_Fuel.pdf:application/pdf}
}

@article{nuttin_potential_2005,
	title = {Potential of thorium molten salt reactorsdetailed calculations and concept evolution with a view to large scale energy production},
	volume = {46},
	number = {1},
	journal = {Progress in nuclear energy},
	author = {Nuttin, A. and Heuer, D. and Billebaud, A. and Brissot, R. and Le Brun, C. and Liatard, E. and Loiseaux, J.-M. and Mathieu, L. and Meplan, O. and Merle-Lucotte, E.},
	year = {2005},
	pages = {77--99},
	file = {Nuttin_Potential_of_thorium_molten_salt_reactors_detailed_calculations_and_concept_evolution_with_a_view_to_large_scale_energy_production.pdf:/home/ddwooten/Dropbox/Dans_Stuff/Documents/UCB/Research/Molten Salt Reactors/Dynamics/Nuttin_Potential_of_thorium_molten_salt_reactors_detailed_calculations_and_concept_evolution_with_a_view_to_large_scale_energy_production.pdf:application/pdf}
}

@article{ridley_method_2017,
	title = {A method for predicting fuel maintenance in once-through {MSRs}},
	volume = {110},
	issn = {03064549},
	url = {http://linkinghub.elsevier.com/retrieve/pii/S030645491730021X},
	doi = {10.1016/j.anucene.2017.06.043},
	language = {en},
	urldate = {2018-01-21},
	journal = {Annals of Nuclear Energy},
	author = {Ridley, Gavin and Chvala, Ondrej},
	month = dec,
	year = {2017},
	pages = {265--281},
	file = {Ridley_A_method_for_predicting_fuel_maintenance_in_once_through_MSRs.pdf:/home/ddwooten/Dropbox/Dans_Stuff/Documents/UCB/Research/Molten Salt Reactors/Dynamics/Ridley_A_method_for_predicting_fuel_maintenance_in_once_through_MSRs.pdf:application/pdf}
}

@article{sheu_depletion_2013,
	title = {Depletion analysis on long-term operation of the conceptual {Molten} {Salt} {Actinide} {Recycler} \& {Transmuter} ({MOSART}) by using a special sequence based on {SCALE}6/{TRITON}},
	volume = {53},
	issn = {03064549},
	url = {http://linkinghub.elsevier.com/retrieve/pii/S0306454912004173},
	doi = {10.1016/j.anucene.2012.10.017},
	language = {en},
	urldate = {2018-01-21},
	journal = {Annals of Nuclear Energy},
	author = {Sheu, R.J. and Chang, C.H. and Chao, C.C. and Liu, Y.-W.H.},
	month = mar,
	year = {2013},
	pages = {1--8},
	file = {Sheu_Depletion_analysis_on_long_term_operation_of_the_conceptual_molten_salt_actinide_recycler_and_transmuter_MOSART.pdf:/home/ddwooten/Dropbox/Dans_Stuff/Documents/UCB/Research/Molten Salt Reactors/Dynamics/Sheu_Depletion_analysis_on_long_term_operation_of_the_conceptual_molten_salt_actinide_recycler_and_transmuter_MOSART.pdf:application/pdf}
}

@misc{leppanen_serpent_nodate,
	title = {{SERPENT} 2},
	url = {http://montecarlo.vtt.fi},
	author = {Leppänen, Jaakko}
}

@article{lougee-heimer_common_2003,
	title = {The {Common} {Optimization} {INterface} for {Operations} {Research}},
	volume = {47},
	number = {1},
	journal = {IBM Journal of Research and Development},
	author = {Lougee-Heimer, Robin},
	month = jan,
	year = {2003},
	pages = {57--66}
}

@article{leppanen_burnup_2009,
	title = {Burnup calculation capability in the {PSG}2/{Serpent} {Monte} {Carlo} reactor physics code},
	journal = {Proc. M\&C},
	author = {Leppänen, Jaakko and Pusa, Maria},
	year = {2009},
	pages = {3--7},
	file = {Leppanen_Burnup_Calculation_Capability_In_The_PSG2_SERPENT_Monte_Carlo_Reactor_Physics_Code.pdf:/home/ddwooten/Dropbox/Dans_Stuff/Documents/UCB/Research/Serpent Projects/Leppanen_Burnup_Calculation_Capability_In_The_PSG2_SERPENT_Monte_Carlo_Reactor_Physics_Code.pdf:application/pdf}
}
